@article{han@tpami22,
  title={A survey on vision transformer},
  author={Han, Kai and Wang, Yunhe and Chen, Hanting and Chen, Xinghao and Guo, Jianyuan and Liu, Zhenhua and Tang, Yehui and Xiao, An and Xu, Chunjing and Xu, Yixing and others},
  journal={IEEE Transactions on Pattern Analysis and Machine Intelligence},
  year={2022},
  publisher={IEEE}
}

@inproceedings{zhao@cvpr20,
  title={Exploring Self-attention for Image Recognition},
  author={Zhao, Hengshuang and Jia, Jiaya and Koltun, Vladlen},
  booktitle={CVPR},
  year={2020}
}

@InProceedings{he@iccv21,
    author    = {He, Shuting and Luo, Hao and Wang, Pichao and Wang, Fan and Li, Hao and Jiang, Wei},
    title     = {TransReID: Transformer-Based Object Re-Identification},
    booktitle = {Proceedings of the IEEE/CVF International Conference on Computer Vision (ICCV)},
    month     = {October},
    year      = {2021},
    pages     = {15013-15022}
}

@InProceedings{yuan@iccv21,
    author    = {Yuan, Li and Chen, Yunpeng and Wang, Tao and Yu, Weihao and Shi, Yujun and Jiang, Zi-Hang and Tay, Francis E.H. and Feng, Jiashi and Yan, Shuicheng},
    title     = {Tokens-to-Token ViT: Training Vision Transformers From Scratch on ImageNet},
    booktitle = {Proceedings of the IEEE/CVF International Conference on Computer Vision (ICCV)},
    month     = {October},
    year      = {2021},
    pages     = {558-567}
}

@InProceedings{touvron@icml21,
  title =     {Training data-efficient image transformers distillation through attention},
  author =    {Touvron, Hugo and Cord, Matthieu and Douze, Matthijs and Massa, Francisco and Sablayrolles, Alexandre and Jegou, Herve},
  booktitle = {International Conference on Machine Learning},
  pages =     {10347--10357},
  year =      {2021},
  volume =    {139},
  month =     {July}
}

@InProceedings{paz@cvpr17,
author = {Lopez-Paz, David and Nishihara, Robert and Chintala, Soumith and Scholkopf, Bernhard and Bottou, Leon},
title = {Discovering Causal Signals in Images},
booktitle = {Proceedings of the IEEE Conference on Computer Vision and Pattern Recognition (CVPR)},
month = {July},
year = {2017}
}
@InProceedings{yang@cvpr21,
    author    = {Yang, Xu and Zhang, Hanwang and Qi, Guojun and Cai, Jianfei},
    title     = {Causal Attention for Vision-Language Tasks},
    booktitle = {Proceedings of the IEEE/CVF Conference on Computer Vision and Pattern Recognition (CVPR)},
    month     = {June},
    year      = {2021},
    pages     = {9847-9857}
}

@inproceedings{kolesnikov@iclr21,
title	= {An Image is Worth 16x16 Words: Transformers for Image Recognition at Scale},
author	= {Alexander Kolesnikov and Alexey Dosovitskiy and Dirk Weissenborn and Georg Heigold and Jakob Uszkoreit and Lucas Beyer and Matthias Minderer and Mostafa Dehghani and Neil Houlsby and Sylvain Gelly and Thomas Unterthiner and Xiaohua Zhai},
booktitle={ICLR 2021-9th International Conference on Learning Representations},
year	= {2021}
}

@article{yulin@neurips21,
  title={Not all images are worth 16x16 words: Dynamic transformers for efficient image recognition},
  author={Wang, Yulin and Huang, Rui and Song, Shiji and Huang, Zeyi and Huang, Gao},
  journal={Advances in Neural Information Processing Systems},
  volume={34},
  year={2021}
}

@inproceedings{dash@iccv22,
  title={Evaluating and mitigating bias in image classifiers: A causal perspective using counterfactuals},
  author={Dash, Saloni and Balasubramanian, Vineeth N and Sharma, Amit},
  booktitle={Proceedings of the IEEE/CVF Winter Conference on Applications of Computer Vision},
  pages={915--924},
  year={2022}
}

@article{pawlowski@neurips20,
  title={Deep structural causal models for tractable counterfactual inference},
  author={Pawlowski, Nick and Coelho de Castro, Daniel and Glocker, Ben},
  journal={Advances in Neural Information Processing Systems},
  volume={33},
  pages={857--869},
  year={2020}
}

@article{maier@dlmp19,
title = {A gentle introduction to deep learning in medical image processing},
journal = {Zeitschrift f√ºr Medizinische Physik},
volume = {29},
number = {2},
pages = {86-101},
year = {2019},
note = {Special Issue: Deep Learning in Medical Physics},
issn = {0939-3889},
doi = {https://doi.org/10.1016/j.zemedi.2018.12.003},
author = {Andreas Maier and Christopher Syben and Tobias Lasser and Christian Riess},
}

@inproceedings{oberst@icml21,
 author = {Oberst, Michael and Thams, Nikolaj and Peters, Jonas and Sontag, David},
 booktitle = {Proceedings of the Thirty-Eighth International Conference on Machine Learning (ICML)},
 month = {7},
 title = {Regularizing towards Causal Invariance: Linear Models with Proxies},
 url_code = {https://github.com/clinicalml/proxy-anchor-regression},
 url_paper = {https://arxiv.org/abs/2103.02477},
 year = {2021}
}

@article{bengio@cacm21,
  title={Deep learning for AI},
  author={Bengio, Yoshua and Lecun, Yann and Hinton, Geoffrey},
  journal={Communications of the ACM},
  volume={64},
  number={7},
  pages={58--65},
  year={2021},
  publisher={ACM New York, NY, USA}
}

@article{castro@nature20,
  title={Causality matters in medical imaging},
  author={Castro, Daniel C and Walker, Ian and Glocker, Ben},
  journal={Nature Communications},
  volume={11},
  number={1},
  pages={1--10},
  year={2020},
  publisher={Nature Publishing Group}
}

@misc{tong@arxiv21,
  doi = {10.48550/ARXIV.2110.14795},

  url = {https://arxiv.org/abs/2110.14795},

  author = {Yang, Jiancheng and Shi, Rui and Wei, Donglai and Liu, Zequan and Zhao, Lin and Ke, Bilian and Pfister, Hanspeter and Ni, Bingbing},

  keywords = {Computer Vision and Pattern Recognition (cs.CV), Artificial Intelligence (cs.AI), Machine Learning (cs.LG), Image and Video Processing (eess.IV), FOS: Computer and information sciences, FOS: Computer and information sciences, FOS: Electrical engineering, electronic engineering, information engineering, FOS: Electrical engineering, electronic engineering, information engineering},

  title = {MedMNIST v2: A Large-Scale Lightweight Benchmark for 2D and 3D Biomedical Image Classification},

  publisher = {arXiv},

  year = {2021},

  copyright = {Creative Commons Attribution 4.0 International}
}

@inproceedings{kyono@neurips21,
 author = {Kyono, Trent and Zhang, Yao and Bellot, Alexis and van der Schaar, Mihaela},
 booktitle = {Advances in Neural Information Processing Systems},
 editor = {M. Ranzato and A. Beygelzimer and Y. Dauphin and P.S. Liang and J. Wortman Vaughan},
 pages = {23806--23817},
 publisher = {Curran Associates, Inc.},
 title = {MIRACLE: Causally-Aware Imputation via Learning Missing Data Mechanisms},
 url = {https://proceedings.neurips.cc/paper/2021/file/c80bcf42c220b8f5c41f85344242f1b0-Paper.pdf},
 volume = {34},
 year = {2021}
}

@inproceedings{xia@neurips21,
 author = {Xia, Kevin and Lee, Kai-Zhan and Bengio, Yoshua and Bareinboim, Elias},
 booktitle = {Advances in Neural Information Processing Systems},
 editor = {M. Ranzato and A. Beygelzimer and Y. Dauphin and P.S. Liang and J. Wortman Vaughan},
 pages = {10823--10836},
 publisher = {Curran Associates, Inc.},
 title = {The Causal-Neural Connection: Expressiveness, Learnability, and Inference},
 url = {https://proceedings.neurips.cc/paper/2021/file/5989add1703e4b0480f75e2390739f34-Paper.pdf},
 volume = {34},
 year = {2021}
}


@inproceedings{ahuja@neurips21,
 author = {Ahuja, Kartik and Caballero, Ethan and Zhang, Dinghuai and Gagnon-Audet, Jean-Christophe and Bengio, Yoshua and Mitliagkas, Ioannis and Rish, Irina},
 booktitle = {Advances in Neural Information Processing Systems},
 editor = {M. Ranzato and A. Beygelzimer and Y. Dauphin and P.S. Liang and J. Wortman Vaughan},
 pages = {3438--3450},
 publisher = {Curran Associates, Inc.},
 title = {Invariance Principle Meets Information Bottleneck for Out-of-Distribution Generalization},
 url = {https://proceedings.neurips.cc/paper/2021/file/1c336b8080f82bcc2cd2499b4c57261d-Paper.pdf},
 volume = {34},
 year = {2021}
}

@article{babenko@nbe22,
title	= {Detection of signs of disease in external photographs of the eyes via deep learning},
author	= {Boris Babenko and Akinori Mitani and Ilana Traynis and Naho Kitade and Preeti Singh and April Maa and Jorge Cuadros and Greg Corrado and Lily Hao Yi Peng and Dale Richard Webster and Avinash Vaidyanathan Varadarajan and Naama Hammel and Yun Liu},
year	= {2022},
URL	= {https://rdcu.be/cJ7lJ},
journal	= {Nature Biomedical Engineering}
}

@article{babenko@arxiv19,
title	= {Predicting Progression of Age-related Macular Degeneration from Fundus Images using Deep Learning},
author	= {Boris Babenko and Siva Balasubramanian and Katy Blumer and Greg Corrado and Lily Peng and Dale Webster and Naama Hammel and Avinash Vaidyanathan Varadarajan},
year	= {2019},
URL	= {https://arxiv.org/abs/1904.05478},
journal	= {arXiv}
}

@article{bora@ldh20,
title	= {Predicting the risk of developing diabetic retinopathy using deep learning},
author	= {Ashish Bora and Siva Balasubramanian and Boris Babenko and Sunny Virmani and Subhashini Venugopalan and Akinori Mitani and Guilherme De Oliveira Marinho and Jorge Cuadros and Dr. Paisan Raumviboonsuk and Greg Corrado and Lily Hao Yi Peng and Dale Richard Webster and Avinash Vaidyanathan Varadarajan and Naama Hammel and Yun Liu and Pinal Bavishi},
year	= {2020},
URL	= {https://www.thelancet.com/journals/landig/article/PIIS2589-7500(20)30250-8/fulltext},
journal	= {Lancet Digital Health}
}


@inproceedings{zhang@aaai22,
title	= {Nested Hierarchical Transformer: Towards Accurate, Data-Efficient and Interpretable Visual Understanding},
author	= {Zizhao Zhang and Han Zhang and Long Zhao and Ting Chen and Sercan Arik and Tomas Pfister},
year	= {2022},
URL	= {https://arxiv.org/pdf/2105.12723.pdf},
booktitle	= {AAAI Conference on Artificial Intelligence (AAAI), 2022}
}

@inproceedings{azizi@iccv21,
    author    = {Azizi, Shekoofeh and Mustafa, Basil and Ryan, Fiona and Beaver, Zachary and Freyberg, Jan and Deaton, Jonathan and Loh, Aaron and Karthikesalingam, Alan and Kornblith, Simon and Chen, Ting and Natarajan, Vivek and Norouzi, Mohammad},
    title     = {Big Self-Supervised Models Advance Medical Image Classification},
    booktitle = {Proceedings of the IEEE/CVF International Conference on Computer Vision (ICCV)},
    month     = {October},
    year      = {2021},
    pages     = {3478-3488}
}

@inproceedings{chen@neurips21,
 author = {Chen, Ting and Luo, Calvin and Li, Lala},
 booktitle = {Advances in Neural Information Processing Systems},
 editor = {M. Ranzato and A. Beygelzimer and Y. Dauphin and P.S. Liang and J. Wortman Vaughan},
 pages = {11834--11845},
 publisher = {Curran Associates, Inc.},
 title = {Intriguing Properties of Contrastive Losses},
 url = {https://proceedings.neurips.cc/paper/2021/file/628f16b29939d1b060af49f66ae0f7f8-Paper.pdf},
 volume = {34},
 year = {2021}
}

@article{zoph@neurips20,
  title={Rethinking pre-training and self-training},
  author={Zoph, Barret and Ghiasi, Golnaz and Lin, Tsung-Yi and Cui, Yin and Liu, Hanxiao and Cubuk, Ekin Dogus and Le, Quoc},
  journal={Advances in neural information processing systems},
  volume={33},
  pages={3833--3845},
  year={2020}
}

@inproceedings{ghiasi@iccv21,
  title={Multi-task self-training for learning general representations},
  author={Ghiasi, Golnaz and Zoph, Barret and Cubuk, Ekin D and Le, Quoc V and Lin, Tsung-Yi},
  booktitle={Proceedings of the IEEE/CVF International Conference on Computer Vision},
  pages={8856--8865},
  year={2021}
}

@article{liu2021cycle,
  title={Cycle self-training for domain adaptation},
  author={Liu, Hong and Wang, Jianmin and Long, Mingsheng},
  journal={Advances in Neural Information Processing Systems},
  volume={34},
  year={2021}
}

@article{khan@acmsurveys21,
  title={Transformers in vision: A survey},
  author={Khan, Salman and Naseer, Muzammal and Hayat, Munawar and Zamir, Syed Waqas and Khan, Fahad Shahbaz and Shah, Mubarak},
  journal={ACM Computing Surveys (CSUR)},
  year={2021},
  publisher={ACM New York, NY}
}

@article{matsoukas@arxiv21,
  title={Is it Time to Replace CNNs with Transformers for Medical Images?},
  author={Matsoukas, Christos and Haslum, Johan Fredin and Sorkhei, Moein and Soderberg, Magnus and Smith, Kevin},
  journal={arXiv preprint arXiv:2108.09038},
  year={2021}
}

@inproceedings{tan@icml21,
  title={Efficientnetv2: Smaller models and faster training},
  author={Tan, Mingxing and Le, Quoc},
  booktitle={International Conference on Machine Learning},
  pages={10096--10106},
  year={2021},
  organization={PMLR}
}

@article{liu@arxiv21,
  title={Efficient training of visual transformers with small-size datasets},
  author={Liu, Yahui and Sangineto, Enver and Bi, Wei and Sebe, Nicu and Lepri, Bruno and De Nadai, Marco},
  journal={arXiv preprint arXiv:2106.03746},
  year={2021}
}

@ARTICLE{scholkopf@ieee21,  author={Sch√∂lkopf, Bernhard and Locatello, Francesco and Bauer, Stefan and Ke, Nan Rosemary and Kalchbrenner, Nal and Goyal, Anirudh and Bengio, Yoshua},  journal={Proceedings of the IEEE},   title={Toward Causal Representation Learning},   year={2021},  volume={109},  number={5},  pages={612-634},  doi={10.1109/JPROC.2021.3058954}}

@article{scholkopf@arxiv22,
  title={From Statistical to Causal Learning},
  author={Sch{\"o}lkopf, Bernhard and von K{\"u}gelgen, Julius},
  journal={arXiv preprint arXiv:2204.00607},
  year={2022}
}

@inproceedings{bardes@iclr22,
  title={VICReg: Variance-Invariance-Covariance Regularization for Self-Supervised Learning},
  author={Bardes, Adrien and Ponce, Jean and Lecun, Yann},
  booktitle={ICLR 2022-10th International Conference on Learning Representations},
  year={2022}
}

@inproceedings{zbontar@icml21,
  title={Barlow twins: Self-supervised learning via redundancy reduction},
  author={Zbontar, Jure and Jing, Li and Misra, Ishan and LeCun, Yann and Deny, St{\'e}phane},
  booktitle={International Conference on Machine Learning},
  pages={12310--12320},
  year={2021},
  organization={PMLR}
}
